<record><leader>00000cas a2200000 a 4500</leader><controlfield tag="001">39072179</controlfield><controlfield tag="008">980506d189819uuvtuuu ne      0    0eng c</controlfield><datafield ind1=" " ind2=" " tag="010"><subfield code="a">sn 98060072 </subfield></datafield><datafield ind1=" " ind2=" " tag="040"><subfield code="a">NVN</subfield><subfield code="b">eng</subfield><subfield code="c">NVN</subfield><subfield code="d">OCLCQ</subfield><subfield code="d">OCLCF</subfield><subfield code="d">OCLCO</subfield></datafield><datafield ind1="1" ind2=" " tag="029"><subfield code="a">AU@</subfield><subfield code="b">000013957237</subfield></datafield><datafield ind1=" " ind2=" " tag="042"><subfield code="a">pcc</subfield></datafield><datafield ind1=" " ind2=" " tag="043"><subfield code="a">n-us-vt</subfield></datafield><datafield ind1="0" ind2=" " tag="130"><subfield code="a">Cambridge sentinel (Morrisville, Vt.)</subfield></datafield><datafield ind1="1" ind2="4" tag="245"><subfield code="a">The Cambridge sentinel.</subfield></datafield><datafield ind1="1" ind2="7" tag="246"><subfield code="a">Messenger-sentinel list</subfield></datafield><datafield ind1=" " ind2=" " tag="260"><subfield code="a">Morrisville, Vt. :</subfield><subfield code="b">Arthur B. Limoge</subfield></datafield><datafield ind1=" " ind2=" " tag="300"><subfield code="a">v.</subfield></datafield><datafield ind1="1" ind2=" " tag="362"><subfield code="a">Began in 1898?</subfield></datafield><datafield ind1=" " ind2=" " tag="588"><subfield code="a">Description based on: Vol. 38, no. 33 (Aug. 12, 1936) = total no. 1959.</subfield></datafield><datafield ind1=" " ind2="0" tag="651"><subfield code="a">Morrisville (Vt.)</subfield><subfield code="v">Newspapers.</subfield></datafield><datafield ind1=" " ind2="0" tag="651"><subfield code="a">Lamoille County (Vt.)</subfield><subfield code="v">Newspapers.</subfield></datafield><datafield ind1=" " ind2="0" tag="651"><subfield code="a">Vermont</subfield><subfield code="v">Newspapers.</subfield></datafield><datafield ind1=" " ind2="7" tag="655"><subfield code="a">Newspapers.</subfield><subfield code="2">fast</subfield><subfield code="0">(OCoLC)fst01423814</subfield></datafield><datafield ind1=" " ind2="7" tag="651"><subfield code="a">Vermont.</subfield><subfield code="2">fast</subfield><subfield code="0">(OCoLC)fst01204305</subfield></datafield><datafield ind1=" " ind2="7" tag="651"><subfield code="a">Vermont</subfield><subfield code="z">Lamoille County.</subfield><subfield code="2">fast</subfield><subfield code="0">(OCoLC)fst01221237</subfield></datafield><datafield ind1=" " ind2="7" tag="651"><subfield code="a">Vermont</subfield><subfield code="z">Morrisville.</subfield><subfield code="2">fast</subfield><subfield code="0">(OCoLC)fst01219199</subfield></datafield><datafield ind1=" " ind2=" " tag="752"><subfield code="a">United States</subfield><subfield code="b">Vermont</subfield><subfield code="c">Lamoille</subfield><subfield code="d">Morrisville.</subfield></datafield><datafield ind1="0" ind2=" " tag="775"><subfield code="t">Morrisville messenger</subfield><subfield code="w">(DLC)sn 97067614</subfield><subfield code="w">(OCoLC)38011831</subfield></datafield><datafield ind1="0" ind2=" " tag="775"><subfield code="t">Wolcott messenger</subfield></datafield><datafield ind1="0" ind2=" " tag="775"><subfield code="t">Johnson messenger</subfield></datafield><datafield ind1="0" ind2=" " tag="775"><subfield code="t">Stowe messenger</subfield></datafield><datafield ind1="0" ind2=" " tag="775"><subfield code="t">Jeffersonville sentinel</subfield></datafield></record>